
@ARTICLE{allred2005,
       author = {{Allred}, Joel C. and {Hawley}, Suzanne L. and {Abbett}, William P. and {Carlsson}, Mats},
        title = "{Radiative Hydrodynamic Models of the Optical and Ultraviolet Emission from Solar Flares}",
      journal = {\apj},
     keywords = {Methods: Numerical, Radiative Transfer, Sun: Atmosphere, Sun: Flares, Astrophysics},
         year = 2005,
        month = sep,
       volume = {630},
       number = {1},
        pages = {573-586},
          doi = {10.1086/431751},
archivePrefix = {arXiv},
       eprint = {astro-ph/0507335},
 primaryClass = {astro-ph},
       adsurl = {https://ui.adsabs.harvard.edu/abs/2005ApJ...630..573A},
      adsnote = {Provided by the SAO/NASA Astrophysics Data System}
}



@ARTICLE{asplund2009,
       author = {{Asplund}, Martin and {Grevesse}, Nicolas and {Sauval}, A. Jacques and {Scott}, Pat},
        title = "{The Chemical Composition of the Sun}",
      journal = {\araa},
     keywords = {Astrophysics - Solar and Stellar Astrophysics, Astrophysics - Earth and Planetary Astrophysics},
         year = 2009,
        month = sep,
       volume = {47},
       number = {1},
        pages = {481-522},
          doi = {10.1146/annurev.astro.46.060407.145222},
archivePrefix = {arXiv},
       eprint = {0909.0948},
 primaryClass = {astro-ph.SR},
       adsurl = {https://ui.adsabs.harvard.edu/abs/2009ARA&A..47..481A},
      adsnote = {Provided by the SAO/NASA Astrophysics Data System}
}




@ARTICLE{baker2021,
       author = {{Baker}, Deborah and {Stangalini}, Marco and {Valori}, Gherardo and {Brooks}, David H. and {To}, Andy S.~H. and {van Driel-Gesztelyi}, Lidia and {D{\'e}moulin}, Pascal and {Stansby}, David and {Jess}, David B. and {Jafarzadeh}, Shahin},
        title = "{Alfv{\'e}nic Perturbations in a Sunspot Chromosphere Linked to Fractionated Plasma in the Corona}",
      journal = {\apj},
     keywords = {Sunspots, Magnetic fields, Solar active region magnetic fields, Solar chromosphere, Solar corona, 1653, 994, 1975, 1479, 1483, Astrophysics - Solar and Stellar Astrophysics},
         year = 2021,
        month = jan,
       volume = {907},
       number = {1},
          eid = {16},
        pages = {16},
          doi = {10.3847/1538-4357/abcafd},
archivePrefix = {arXiv},
       eprint = {2012.04308},
 primaryClass = {astro-ph.SR},
       adsurl = {https://ui.adsabs.harvard.edu/abs/2021ApJ...907...16B},
      adsnote = {Provided by the SAO/NASA Astrophysics Data System}
}



@ARTICLE{barnes2016,
       author = {{Barnes}, W.~T. and {Cargill}, P.~J. and {Bradshaw}, S.~J.},
        title = "{Inference of Heating Properties from ``Hot'' Non-flaring Plasmas in Active Region Cores. I. Single Nanoflares}",
      journal = {\apj},
     keywords = {hydrodynamics, plasmas, Sun: corona, Astrophysics - Solar and Stellar Astrophysics},
         year = 2016,
        month = sep,
       volume = {829},
       number = {1},
          eid = {31},
        pages = {31},
          doi = {10.3847/0004-637X/829/1/31},
archivePrefix = {arXiv},
       eprint = {1608.04776},
 primaryClass = {astro-ph.SR},
       adsurl = {https://ui.adsabs.harvard.edu/abs/2016ApJ...829...31B},
      adsnote = {Provided by the SAO/NASA Astrophysics Data System}
}

@ARTICLE{barnes2016b,
       author = {{Barnes}, W.~T. and {Cargill}, P.~J. and {Bradshaw}, S.~J.},
        title = "{Inference of Heating Properties from ``Hot'' Non-flaring Plasmas in Active Region Cores. II. Nanoflare Trains}",
      journal = {\apj},
     keywords = {hydrodynamics, plasmas, Sun: corona, Astrophysics - Solar and Stellar Astrophysics},
         year = 2016,
        month = dec,
       volume = {833},
       number = {2},
          eid = {217},
        pages = {217},
          doi = {10.3847/1538-4357/833/2/217},
archivePrefix = {arXiv},
       eprint = {1610.06150},
 primaryClass = {astro-ph.SR},
       adsurl = {https://ui.adsabs.harvard.edu/abs/2016ApJ...833..217B},
      adsnote = {Provided by the SAO/NASA Astrophysics Data System}
}

@software{barnes2024,
  title = {rice-solar-physics/ebtelPlusPlus},
  shorttitle = {ebtel++},
  author = {{Barnes}, W.~T. and {Klimchuk}, J.~A. and {Cargill}, P.~J. and {Bradshaw}, S.~J. and {Reep}, J.~W. and {Schonfeld}, S. and {Collazzo}, R.},
  year = {2024},
  month = july,
  publisher = {Zenodo},
  version = {v0.2},
  doi = {10.5281/zenodo.12675386},
  url = {https://doi.org/10.5281/zenodo.12675386}
}

@ARTICLE{brinkman2001,
       author = {{Brinkman}, A.~C. and {Behar}, E. and {G{\"u}del}, M. and {Audard}, M. and {den Boggende}, A.~J.~F. and {Branduardi-Raymont}, G. and {Cottam}, J. and {Erd}, C. and {den Herder}, J.~W. and {Jansen}, F. and {Kaastra}, J.~S. and {Kahn}, S.~M. and {Mewe}, R. and {Paerels}, F.~B.~S. and {Peterson}, J.~R. and {Rasmussen}, A.~P. and {Sakelliou}, I. and {de Vries}, C.},
        title = "{First light measurements with the XMM-Newton reflection grating spectrometers: Evidence for an inverse first ionisation potential effect and anomalous Ne abundance in the Coronae of HR 1099}",
      journal = {\aap},
     keywords = {ATOMIC PROCESSES, LINE: FORMATION, NUCLEAR REACTIONS, NUCLEOSYNTHESIS, ABUNDANCES, STARS: CORONAE, STARS: INDIVIDUAL (HR 1099), X-RAYS: STARS, Astrophysics},
         year = 2001,
        month = jan,
       volume = {365},
        pages = {L324-L328},
          doi = {10.1051/0004-6361:20000047},
archivePrefix = {arXiv},
       eprint = {astro-ph/0011018},
 primaryClass = {astro-ph},
       adsurl = {https://ui.adsabs.harvard.edu/abs/2001A&A...365L.324B},
      adsnote = {Provided by the SAO/NASA Astrophysics Data System}
}



@ARTICLE{brooks2012,
       author = {{Brooks}, David H. and {Warren}, Harry P.},
        title = "{The Coronal Source of Extreme-ultraviolet Line Profile Asymmetries in Solar Active Region Outflows}",
      journal = {\apjl},
     keywords = {solar wind, Sun: abundances, Sun: corona, Astrophysics - Solar and Stellar Astrophysics},
         year = 2012,
        month = nov,
       volume = {760},
       number = {1},
          eid = {L5},
        pages = {L5},
          doi = {10.1088/2041-8205/760/1/L5},
archivePrefix = {arXiv},
       eprint = {1210.1274},
 primaryClass = {astro-ph.SR},
       adsurl = {https://ui.adsabs.harvard.edu/abs/2012ApJ...760L...5B},
      adsnote = {Provided by the SAO/NASA Astrophysics Data System}
}

@ARTICLE{brooks2024,
       author = {{Brooks}, David H. and {Reep}, Jeffrey W. and {Ugarte-Urra}, Ignacio and {Unverferth}, John E. and {Warren}, Harry P.},
        title = "{Spectroscopic Observations of Coronal Rain Formation and Evolution Following an X2 Solar Flare}",
      journal = {\apj},
     keywords = {Solar corona, Solar coronal heating, Solar flares, Ultraviolet spectroscopy, Solar coronal loops, 1483, 1989, 1496, 2284, 1485, Astrophysics - Solar and Stellar Astrophysics},
         year = 2024,
        month = feb,
       volume = {962},
       number = {2},
          eid = {105},
        pages = {105},
          doi = {10.3847/1538-4357/ad18be},
archivePrefix = {arXiv},
       eprint = {2401.04537},
 primaryClass = {astro-ph.SR},
       adsurl = {https://ui.adsabs.harvard.edu/abs/2024ApJ...962..105B},
      adsnote = {Provided by the SAO/NASA Astrophysics Data System}
}



@ARTICLE{cargill1995,
       author = {{Cargill}, Peter J. and {Mariska}, John T. and {Antiochos}, Spiro K.},
        title = "{Cooling of Solar Flare Plasmas. I. Theoretical Considerations}",
      journal = {\apj},
     keywords = {Cooling, Coronal Loops, Magnetohydrodynamics, Numerical Analysis, Plasmas (Physics), Solar Flares, Conductive Heat Transfer, Mathematical Models, Radiative Heat Transfer, Scaling Laws, Temperature Distribution, Solar Physics, MAGNETOHYDRODYNAMICS: MHD, PLASMAS, SUN: CORONA, SUN: FLARES},
         year = 1995,
        month = feb,
       volume = {439},
        pages = {1034},
          doi = {10.1086/175240},
       adsurl = {https://ui.adsabs.harvard.edu/abs/1995ApJ...439.1034C},
      adsnote = {Provided by the SAO/NASA Astrophysics Data System}
}



@ARTICLE{cargill2012a,
       author = {{Cargill}, P.~J. and {Bradshaw}, S.~J. and {Klimchuk}, J.~A.},
        title = "{Enthalpy-based Thermal Evolution of Loops. II. Improvements to the Model}",
      journal = {\apj},
     keywords = {Sun: activity, Sun: corona, Sun: flares, Sun: transition region, Astrophysics - Solar and Stellar Astrophysics},
         year = 2012,
        month = jun,
       volume = {752},
       number = {2},
          eid = {161},
        pages = {161},
          doi = {10.1088/0004-637X/752/2/161},
archivePrefix = {arXiv},
       eprint = {1204.5960},
 primaryClass = {astro-ph.SR},
       adsurl = {https://ui.adsabs.harvard.edu/abs/2012ApJ...752..161C},
      adsnote = {Provided by the SAO/NASA Astrophysics Data System}
}

@ARTICLE{cargill2012b,
       author = {{Cargill}, P.~J. and {Bradshaw}, S.~J. and {Klimchuk}, J.~A.},
        title = "{Enthalpy-based Thermal Evolution of Loops. III. Comparison of Zero-dimensional Models}",
      journal = {\apj},
     keywords = {Sun: corona, Sun: transition region},
         year = 2012,
        month = oct,
       volume = {758},
       number = {1},
          eid = {5},
        pages = {5},
          doi = {10.1088/0004-637X/758/1/5},
       adsurl = {https://ui.adsabs.harvard.edu/abs/2012ApJ...758....5C},
      adsnote = {Provided by the SAO/NASA Astrophysics Data System}
}

@ARTICLE{cargill2014,
       author = {{Cargill}, P.~J.},
        title = "{Active Region Emission Measure Distributions and Implications for Nanoflare Heating}",
      journal = {\apj},
     keywords = {magnetic reconnection, Sun: corona, Sun: X-rays, gamma rays},
         year = 2014,
        month = mar,
       volume = {784},
       number = {1},
          eid = {49},
        pages = {49},
          doi = {10.1088/0004-637X/784/1/49},
       adsurl = {https://ui.adsabs.harvard.edu/abs/2014ApJ...784...49C},
      adsnote = {Provided by the SAO/NASA Astrophysics Data System}
}



@ARTICLE{delzanna2003,
       author = {{Del Zanna}, G. and {Mason}, H.~E.},
        title = "{Solar active regions: SOHO/CDS and TRACE observations of quiescent coronal loops}",
      journal = {\aap},
     keywords = {Sun: corona, techniques: spectroscopic, Sun: transition region, Sun: abundances},
         year = 2003,
        month = aug,
       volume = {406},
        pages = {1089-1103},
          doi = {10.1051/0004-6361:20030791},
       adsurl = {https://ui.adsabs.harvard.edu/abs/2003A&A...406.1089D},
      adsnote = {Provided by the SAO/NASA Astrophysics Data System}
}



@ARTICLE{delzanna2014,
       author = {{Del Zanna}, G. and {Mason}, H.~E.},
        title = "{Elemental abundances and temperatures of quiescent solar active region cores from X-ray observations}",
      journal = {\aap},
     keywords = {Sun: abundances, Sun: corona, Sun: X-rays, gamma rays, techniques: spectroscopic},
         year = 2014,
        month = may,
       volume = {565},
          eid = {A14},
        pages = {A14},
          doi = {10.1051/0004-6361/201423471},
       adsurl = {https://ui.adsabs.harvard.edu/abs/2014A&A...565A..14D},
      adsnote = {Provided by the SAO/NASA Astrophysics Data System}
}



@ARTICLE{delzanna2021,
       author = {{Del Zanna}, G. and {Dere}, K.~P. and {Young}, P.~R. and {Landi}, E.},
        title = "{CHIANTI{\textemdash}An Atomic Database for Emission Lines. XVI. Version 10, Further Extensions}",
      journal = {\apj},
     keywords = {Atomic spectroscopy, Line intensities, Atomic data benchmarking, Atomic physics, Collision processes, 2099, 2084, 2064, 2063, 2065, Physics - Atomic Physics, Astrophysics - Solar and Stellar Astrophysics},
         year = 2021,
        month = mar,
       volume = {909},
       number = {1},
          eid = {38},
        pages = {38},
          doi = {10.3847/1538-4357/abd8ce},
archivePrefix = {arXiv},
       eprint = {2011.05211},
 primaryClass = {physics.atom-ph},
       adsurl = {https://ui.adsabs.harvard.edu/abs/2021ApJ...909...38D},
      adsnote = {Provided by the SAO/NASA Astrophysics Data System}
}



@ARTICLE{dere1997,
       author = {{Dere}, K.~P. and {Landi}, E. and {Mason}, H.~E. and {Monsignori Fossi}, B.~C. and {Young}, P.~R.},
        title = "{CHIANTI - an atomic database for emission lines}",
      journal = {\aaps},
     keywords = {ATOMIC DATA, ASTRONOMICAL DATA BASES: MISCELLANEOUS, ULTRAVIOLET: GENERAL, SUN: ATMOSPHERE, STARS: ATMOSPHERE},
         year = 1997,
        month = oct,
       volume = {125},
        pages = {149-173},
          doi = {10.1051/aas:1997368},
       adsurl = {https://ui.adsabs.harvard.edu/abs/1997A&AS..125..149D},
      adsnote = {Provided by the SAO/NASA Astrophysics Data System}
}

@ARTICLE{doschek2018,
       author = {{Doschek}, G.~A. and {Warren}, H.~P. and {Harra}, L.~K. and {Culhane}, J.~L. and {Watanabe}, T. and {Hara}, H.},
        title = "{Photospheric and Coronal Abundances in an X8.3 Class Limb Flare}",
      journal = {\apj},
     keywords = {Sun: activity, Sun: corona, Sun: flares, Sun: UV radiation},
         year = 2018,
        month = feb,
       volume = {853},
       number = {2},
          eid = {178},
        pages = {178},
          doi = {10.3847/1538-4357/aaa4f5},
       adsurl = {https://ui.adsabs.harvard.edu/abs/2018ApJ...853..178D},
      adsnote = {Provided by the SAO/NASA Astrophysics Data System}
}

@ARTICLE{fisher1984,
       author = {{Fisher}, G.~H. and {Canfield}, R.~C. and {McClymont}, A.~N.},
        title = "{Chromospheric evaporation velocities in solar flares}",
      journal = {\apjl},
     keywords = {Chromosphere, Evaporation Rate, Solar Flares, Solar X-Rays, Constraints, Hydrodynamics, Solar Physics},
         year = 1984,
        month = jun,
       volume = {281},
        pages = {L79-L82},
          doi = {10.1086/184290},
       adsurl = {https://ui.adsabs.harvard.edu/abs/1984ApJ...281L..79F},
      adsnote = {Provided by the SAO/NASA Astrophysics Data System}
}




@ARTICLE{kepa2023,
       author = {{Kepa}, Anna and {Siarkowski}, Marek and {Awasthi}, Arun Kumar and {Sylwester}, Janusz and {Sylwester}, Barbara},
        title = "{Investigations of Flaring Plasma Parameters during an M-class Flare Using the Differential Evolution Method and XSM/Chandrayaan-2 Observations}",
      journal = {\apjl},
     keywords = {The Sun, Solar x-ray flares, Solar abundances, Solar corona, 1693, 1816, 1474, 1483},
         year = 2023,
        month = dec,
       volume = {959},
       number = {2},
          eid = {L29},
        pages = {L29},
          doi = {10.3847/2041-8213/ad0f23},
       adsurl = {https://ui.adsabs.harvard.edu/abs/2023ApJ...959L..29K},
      adsnote = {Provided by the SAO/NASA Astrophysics Data System}
}




@ARTICLE{klimchuk2008,
       author = {{Klimchuk}, J.~A. and {Patsourakos}, S. and {Cargill}, P.~J.},
        title = "{Highly Efficient Modeling of Dynamic Coronal Loops}",
      journal = {\apj},
     keywords = {hydrodynamics, methods: numerical, stars: coronae, Sun: corona, Sun: transition region, Astrophysics},
         year = 2008,
        month = aug,
       volume = {682},
       number = {2},
        pages = {1351-1362},
          doi = {10.1086/589426},
archivePrefix = {arXiv},
       eprint = {0710.0185},
 primaryClass = {astro-ph},
       adsurl = {https://ui.adsabs.harvard.edu/abs/2008ApJ...682.1351K},
      adsnote = {Provided by the SAO/NASA Astrophysics Data System}
}

@ARTICLE{laming2015,
       author = {{Laming}, J. Martin},
        title = "{The FIP and Inverse FIP Effects in Solar and Stellar Coronae}",
      journal = {Living Reviews in Solar Physics},
     keywords = {Stellar coronae, Waves, Turbulence, Corona, Abundances, Chromosphere, Stars: coronae, Sun: abundances, Sun: chromosphere, Sun: corona, Astrophysics - Solar and Stellar Astrophysics},
         year = 2015,
        month = sep,
       volume = {12},
       number = {1},
          eid = {2},
        pages = {2},
          doi = {10.1007/lrsp-2015-2},
archivePrefix = {arXiv},
       eprint = {1504.08325},
 primaryClass = {astro-ph.SR},
       adsurl = {https://ui.adsabs.harvard.edu/abs/2015LRSP...12....2L},
      adsnote = {Provided by the SAO/NASA Astrophysics Data System}
}

@ARTICLE{laming2021,
       author = {{Laming}, J. Martin},
        title = "{The FIP and Inverse-FIP Effects in Solar Flares}",
      journal = {\apj},
     keywords = {Solar flares, Solar abundances, Alfven waves, Active solar corona, 1496, 1474, 23, 1988, Astrophysics - Solar and Stellar Astrophysics},
         year = 2021,
        month = mar,
       volume = {909},
       number = {1},
          eid = {17},
        pages = {17},
          doi = {10.3847/1538-4357/abd9c3},
archivePrefix = {arXiv},
       eprint = {2101.03038},
 primaryClass = {astro-ph.SR},
       adsurl = {https://ui.adsabs.harvard.edu/abs/2021ApJ...909...17L},
      adsnote = {Provided by the SAO/NASA Astrophysics Data System}
}

@ARTICLE{long2024,
       author = {{Long}, David M. and {Baker}, Deborah and {To}, Andy S.~H. and {van Driel-Gesztelyi}, Lidia and {Brooks}, David H. and {Stangalini}, Marco and {Murabito}, Mariarita and {James}, Alexander W. and {Mathioudakis}, Mihalis and {Testa}, Paola},
        title = "{Identifying Plasma Fractionation Processes in the Chromosphere Using IRIS}",
      journal = {\apj},
     keywords = {Solar physics, The Sun, Solar corona, Solar chromosphere, 1476, 1693, 1483, 1479, Astrophysics - Solar and Stellar Astrophysics},
         year = 2024,
        month = apr,
       volume = {965},
       number = {1},
          eid = {63},
        pages = {63},
          doi = {10.3847/1538-4357/ad3234},
archivePrefix = {arXiv},
       eprint = {2403.06711},
 primaryClass = {astro-ph.SR},
       adsurl = {https://ui.adsabs.harvard.edu/abs/2024ApJ...965...63L},
      adsnote = {Provided by the SAO/NASA Astrophysics Data System}
}

@ARTICLE{luger2021,
    author = {{Luger}, Rodrigo and {Bedell}, Megan and {Foreman-Mackey}, Daniel and {Crossfield}, Ian J.~M. and {Zhao}, Lily L. and {Hogg}, David W.},
        title = "{Mapping stellar surfaces III: An Efficient, Scalable, and Open-Source Doppler Imaging Model}",
    journal = {arXiv e-prints},
    keywords = {Astrophysics - Solar and Stellar Astrophysics, Astrophysics - Earth and Planetary Astrophysics, Astrophysics - Instrumentation and Methods for Astrophysics},
        year = 2021,
        month = oct,
        eid = {arXiv:2110.06271},
        pages = {arXiv:2110.06271},
archivePrefix = {arXiv},
    eprint = {2110.06271},
primaryClass = {astro-ph.SR},
    adsurl = {https://ui.adsabs.harvard.edu/abs/2021arXiv211006271L},
    adsnote = {Provided by the SAO/NASA Astrophysics Data System}
}

@ARTICLE{mckenzie1992,
       author = {{McKenzie}, D.~L. and {Feldman}, U.},
        title = "{Variations in the Relative Elemental Abundances of Oxygen, Neon, Magnesium, and Iron in High-Temperature Solar Active-Region and Flare Plasmas}",
      journal = {\apj},
     keywords = {Abundance, Gamma Rays, Solar Corona, Solar Flares, Solar Spectra, Solar X-Rays, Iron, Magnesium, Neon, Oxygen Ions, Positive Ions, Solar Activity, Solar Temperature, Solar Physics, SUN: ABUNDANCES, SUN: CORONA, SUN: FLARES, SUN: X-RAYS, GAMMA RAYS},
         year = 1992,
        month = apr,
       volume = {389},
        pages = {764},
          doi = {10.1086/171249},
       adsurl = {https://ui.adsabs.harvard.edu/abs/1992ApJ...389..764M},
      adsnote = {Provided by the SAO/NASA Astrophysics Data System}
}




@ARTICLE{mithun2022,
       author = {{Mithun}, N.~P.~S. and {Vadawale}, Santosh V. and {Zanna}, Giulio Del and {Rao}, Yamini K. and {Joshi}, Bhuwan and {Sarkar}, Aveek and {Mondal}, Biswajit and {Janardhan}, P. and {Bhardwaj}, Anil and {Mason}, Helen E.},
        title = "{Soft X-Ray Spectral Diagnostics of Multithermal Plasma in Solar Flares with Chandrayaan-2 XSM}",
      journal = {\apj},
     keywords = {Solar flare spectra, Solar x-ray flares, 1982, 1816, Astrophysics - Solar and Stellar Astrophysics, Astrophysics - High Energy Astrophysical Phenomena},
         year = 2022,
        month = nov,
       volume = {939},
       number = {2},
          eid = {112},
        pages = {112},
          doi = {10.3847/1538-4357/ac98b4},
archivePrefix = {arXiv},
       eprint = {2210.03364},
 primaryClass = {astro-ph.SR},
       adsurl = {https://ui.adsabs.harvard.edu/abs/2022ApJ...939..112M},
      adsnote = {Provided by the SAO/NASA Astrophysics Data System}
}



@ARTICLE{mondal2021,
       author = {{Mondal}, Biswajit and {Sarkar}, Aveek and {Vadawale}, Santosh V. and {Mithun}, N.~P.~S. and {Janardhan}, P. and {Del Zanna}, Giulio and {Mason}, Helen E. and {Mitra-Kraev}, Urmila and {Narendranath}, S.},
        title = "{Evolution of Elemental Abundances during B-Class Solar Flares: Soft X-Ray Spectral Measurements with Chandrayaan-2 XSM}",
      journal = {\apj},
     keywords = {Solar x-ray flares, Solar abundances, 1816, 1474, Astrophysics - Solar and Stellar Astrophysics},
         year = 2021,
        month = oct,
       volume = {920},
       number = {1},
          eid = {4},
        pages = {4},
          doi = {10.3847/1538-4357/ac14c1},
archivePrefix = {arXiv},
       eprint = {2107.07825},
 primaryClass = {astro-ph.SR},
       adsurl = {https://ui.adsabs.harvard.edu/abs/2021ApJ...920....4M},
      adsnote = {Provided by the SAO/NASA Astrophysics Data System}
}

@ARTICLE{mondal2023,
       author = {{Mondal}, Biswajit and {Vadawale}, Santosh V. and {Del Zanna}, Giulio and {Mithun}, N.~P.~S. and {Sarkar}, Aveek and {Mason}, Helen E. and {Janardhan}, P. and {Bhardwaj}, Anil},
        title = "{Evolution of Elemental Abundances in Hot Active Region Cores from Chandrayaan-2 XSM Observations}",
      journal = {\apj},
     keywords = {Active solar corona, Solar abundances, Solar active regions, Solar x-ray emission, 1988, 1474, 1974, 1536, Astrophysics - Solar and Stellar Astrophysics},
         year = 2023,
        month = oct,
       volume = {955},
       number = {2},
          eid = {146},
        pages = {146},
          doi = {10.3847/1538-4357/acdeeb},
archivePrefix = {arXiv},
       eprint = {2301.03519},
 primaryClass = {astro-ph.SR},
       adsurl = {https://ui.adsabs.harvard.edu/abs/2023ApJ...955..146M},
      adsnote = {Provided by the SAO/NASA Astrophysics Data System}
}

@ARTICLE{murabito2024,
       author = {{Murabito}, Mariarita and {Stangalini}, Marco and {Laming}, J. Martin and {Baker}, Deborah and {To}, Andy S.~H. and {Long}, David M. and {Brooks}, David H. and {Jafarzadeh}, Shahin and {Jess}, David B. and {Valori}, Gherardo},
        title = "{Observation of Alfv{\'e}n Wave Reflection in the Solar Chromosphere: Ponderomotive Force and First Ionization Potential Effect}",
      journal = {arXiv e-prints},
     keywords = {Astrophysics - Solar and Stellar Astrophysics},
         year = 2024,
        month = apr,
          eid = {arXiv:2404.08305},
        pages = {arXiv:2404.08305},
          doi = {10.48550/arXiv.2404.08305},
archivePrefix = {arXiv},
       eprint = {2404.08305},
 primaryClass = {astro-ph.SR},
       adsurl = {https://ui.adsabs.harvard.edu/abs/2024arXiv240408305M},
      adsnote = {Provided by the SAO/NASA Astrophysics Data System}
}



@ARTICLE{nama2023,
       author = {{Nama}, Lakshitha and {Mondal}, Biswajit and {Narendranath}, S. and {Paul}, K.~T.},
        title = "{Coronal Elemental Abundances During A-Class Solar Flares Observed by Chandrayaan-2 XSM}",
      journal = {\solphys},
     keywords = {Flares, FIP bias, Spectroscopy, X-ray, Corona, abundances, Astrophysics - Solar and Stellar Astrophysics},
         year = 2023,
        month = apr,
       volume = {298},
       number = {4},
          eid = {55},
        pages = {55},
          doi = {10.1007/s11207-023-02142-5},
archivePrefix = {arXiv},
       eprint = {2302.11844},
 primaryClass = {astro-ph.SR},
       adsurl = {https://ui.adsabs.harvard.edu/abs/2023SoPh..298...55N},
      adsnote = {Provided by the SAO/NASA Astrophysics Data System}
}

@ARTICLE{nordon2008,
       author = {{Nordon}, R. and {Behar}, E.},
        title = "{Abundance variations and first ionization potential trends during large stellar flares}",
      journal = {\aap},
     keywords = {stars: activity, stars: coronae, stars: flare, stars: abundances, X-rays: stars, Astrophysics},
         year = 2008,
        month = may,
       volume = {482},
       number = {2},
        pages = {639-651},
          doi = {10.1051/0004-6361:20078848},
archivePrefix = {arXiv},
       eprint = {0712.0482},
 primaryClass = {astro-ph},
       adsurl = {https://ui.adsabs.harvard.edu/abs/2008A&A...482..639N},
      adsnote = {Provided by the SAO/NASA Astrophysics Data System}
}



@ARTICLE{pottasch1964,
       author = {{Pottasch}, S.~R.},
        title = "{On the chemical composition of the solar corona}",
      journal = {\mnras},
         year = 1964,
        month = jan,
       volume = {128},
        pages = {73},
          doi = {10.1093/mnras/128.1.73},
       adsurl = {https://ui.adsabs.harvard.edu/abs/1964MNRAS.128...73P},
      adsnote = {Provided by the SAO/NASA Astrophysics Data System}
}



@ARTICLE{rao2023,
       author = {{Rao}, Yamini K. and {Mondal}, B. and {Del Zanna}, Giulio and {Mithun}, N.~P.~S. and {Vadawale}, S.~V. and {Reeves}, K.~K. and {Mason}, Helen E. and {Bhardwaj}, Anil},
        title = "{Multiwavelength Observations of a B-class Flare Using XSM, AIA, and XRT}",
      journal = {\apj},
     keywords = {Solar corona, 1483, Astrophysics - Solar and Stellar Astrophysics},
         year = 2023,
        month = dec,
       volume = {958},
       number = {2},
          eid = {190},
        pages = {190},
          doi = {10.3847/1538-4357/acf46a},
archivePrefix = {arXiv},
       eprint = {2308.14912},
 primaryClass = {astro-ph.SR},
       adsurl = {https://ui.adsabs.harvard.edu/abs/2023ApJ...958..190R},
      adsnote = {Provided by the SAO/NASA Astrophysics Data System}
}

@ARTICLE{reep2013,
       author = {{Reep}, J.~W. and {Bradshaw}, S.~J. and {Klimchuk}, J.~A.},
        title = "{Diagnosing the Time Dependence of Active Region Core Heating from the Emission Measure. II. Nanoflare Trains}",
      journal = {\apj},
     keywords = {Sun: corona, Astrophysics - Solar and Stellar Astrophysics},
         year = 2013,
        month = feb,
       volume = {764},
       number = {2},
          eid = {193},
        pages = {193},
          doi = {10.1088/0004-637X/764/2/193},
archivePrefix = {arXiv},
       eprint = {1303.4466},
 primaryClass = {astro-ph.SR},
       adsurl = {https://ui.adsabs.harvard.edu/abs/2013ApJ...764..193R},
      adsnote = {Provided by the SAO/NASA Astrophysics Data System}
}

@ARTICLE{reep2015,
       author = {{Reep}, J.~W. and {Bradshaw}, S.~J. and {Alexander}, D.},
        title = "{Optimal Electron Energies for Driving Chromospheric Evaporation in Solar Flares}",
      journal = {\apj},
     keywords = {Sun: chromosphere, Sun: corona, Sun: flares, Astrophysics - Solar and Stellar Astrophysics},
         year = 2015,
        month = aug,
       volume = {808},
       number = {2},
          eid = {177},
        pages = {177},
          doi = {10.1088/0004-637X/808/2/177},
archivePrefix = {arXiv},
       eprint = {1506.08115},
 primaryClass = {astro-ph.SR},
       adsurl = {https://ui.adsabs.harvard.edu/abs/2015ApJ...808..177R},
      adsnote = {Provided by the SAO/NASA Astrophysics Data System}
}



@ARTICLE{reep2016,
       author = {{Reep}, J.~W. and {Russell}, A.~J.~B.},
        title = "{Alfv{\'e}nic Wave Heating of the Upper Chromosphere in Flares}",
      journal = {\apjl},
     keywords = {Sun: atmosphere, Sun: chromosphere, Sun: corona, Sun: flares, Sun: transition region, waves, Astrophysics - Solar and Stellar Astrophysics},
         year = 2016,
        month = feb,
       volume = {818},
       number = {1},
          eid = {L20},
        pages = {L20},
          doi = {10.3847/2041-8205/818/1/L20},
archivePrefix = {arXiv},
       eprint = {1601.01969},
 primaryClass = {astro-ph.SR},
       adsurl = {https://ui.adsabs.harvard.edu/abs/2016ApJ...818L..20R},
      adsnote = {Provided by the SAO/NASA Astrophysics Data System}
}



@ARTICLE{reep2020,
       author = {{Reep}, Jeffrey W. and {Warren}, Harry P. and {Moore}, Christopher S. and {Suarez}, Crisel and {Hayes}, Laura A.},
        title = "{Simulating Solar Flare Irradiance with Multithreaded Models of Flare Arcades}",
      journal = {\apj},
     keywords = {Solar x-ray flares, Solar flares, Hydrodynamical simulations, 1816, 1496, 767, Astrophysics - Solar and Stellar Astrophysics},
         year = 2020,
        month = may,
       volume = {895},
       number = {1},
          eid = {30},
        pages = {30},
          doi = {10.3847/1538-4357/ab89a0},
archivePrefix = {arXiv},
       eprint = {2003.10505},
 primaryClass = {astro-ph.SR},
       adsurl = {https://ui.adsabs.harvard.edu/abs/2020ApJ...895...30R},
      adsnote = {Provided by the SAO/NASA Astrophysics Data System}
}

@ARTICLE{reep2020b,
       author = {{Reep}, Jeffrey W. and {Antolin}, Patrick and {Bradshaw}, Stephen J.},
        title = "{Electron Beams Cannot Directly Produce Coronal Rain}",
      journal = {\apj},
     keywords = {The Sun, Solar flares, Hydrodynamical simulations, 1693, 1496, 767, Astrophysics - Solar and Stellar Astrophysics},
         year = 2020,
        month = feb,
       volume = {890},
       number = {2},
          eid = {100},
        pages = {100},
          doi = {10.3847/1538-4357/ab6bdc},
archivePrefix = {arXiv},
       eprint = {2002.07669},
 primaryClass = {astro-ph.SR},
       adsurl = {https://ui.adsabs.harvard.edu/abs/2020ApJ...890..100R},
      adsnote = {Provided by the SAO/NASA Astrophysics Data System}
}



@ARTICLE{reep2024,
       author = {{Reep}, Jeffrey W. and {Scott}, Roger B. and {Chhabra}, Sherry and {Unverferth}, John and {Knizhnik}, Kalman J.},
        title = "{Mass Flows in Expanding Coronal Loops}",
      journal = {arXiv e-prints},
     keywords = {Astrophysics - Solar and Stellar Astrophysics, Physics - Fluid Dynamics},
         year = 2024,
        month = mar,
          eid = {arXiv:2403.12358},
        pages = {arXiv:2403.12358},
          doi = {10.48550/arXiv.2403.12358},
archivePrefix = {arXiv},
       eprint = {2403.12358},
 primaryClass = {astro-ph.SR},
       adsurl = {https://ui.adsabs.harvard.edu/abs/2024arXiv240312358R},
      adsnote = {Provided by the SAO/NASA Astrophysics Data System}
}



@ARTICLE{russell2023,
       author = {{Russell}, Alexander J.~B.},
        title = "{Alfv{\'e}n Waves in Solar Flares}",
      journal = {arXiv e-prints},
     keywords = {Astrophysics - Solar and Stellar Astrophysics, Physics - Plasma Physics},
         year = 2023,
        month = nov,
          eid = {arXiv:2311.02144},
        pages = {arXiv:2311.02144},
          doi = {10.48550/arXiv.2311.02144},
archivePrefix = {arXiv},
       eprint = {2311.02144},
 primaryClass = {astro-ph.SR},
       adsurl = {https://ui.adsabs.harvard.edu/abs/2023arXiv231102144R},
      adsnote = {Provided by the SAO/NASA Astrophysics Data System}
}



@ARTICLE{suarez2023,
       author = {{Suarez}, Crisel and {Moore}, Christopher S.},
        title = "{Estimations of Elemental Abundances during Solar Flares Observed in Soft X-Rays by the MinXSS-1 CubeSat Mission}",
      journal = {\apj},
     keywords = {Solar x-ray flares, Solar flare spectra, Solar abundances, 1816, 1982, 1474, Astrophysics - Solar and Stellar Astrophysics, Astrophysics - High Energy Astrophysical Phenomena},
         year = 2023,
        month = nov,
       volume = {957},
       number = {1},
          eid = {14},
        pages = {14},
          doi = {10.3847/1538-4357/acf0c2},
archivePrefix = {arXiv},
       eprint = {2308.16235},
 primaryClass = {astro-ph.SR},
       adsurl = {https://ui.adsabs.harvard.edu/abs/2023ApJ...957...14S},
      adsnote = {Provided by the SAO/NASA Astrophysics Data System}
}

@ARTICLE{to2021,
       author = {{To}, Andy S.~H. and {Long}, David M. and {Baker}, Deborah and {Brooks}, David H. and {van Driel-Gesztelyi}, Lidia and {Laming}, J. Martin and {Valori}, Gherardo},
        title = "{The Evolution of Plasma Composition during a Solar Flare}",
      journal = {\apj},
     keywords = {The Sun, Solar physics, Solar flares, Solar abundances, 1693, 1476, 1496, 1474, Astrophysics - Solar and Stellar Astrophysics},
         year = 2021,
        month = apr,
       volume = {911},
       number = {2},
          eid = {86},
        pages = {86},
          doi = {10.3847/1538-4357/abe85a},
archivePrefix = {arXiv},
       eprint = {2102.09985},
 primaryClass = {astro-ph.SR},
       adsurl = {https://ui.adsabs.harvard.edu/abs/2021ApJ...911...86T},
      adsnote = {Provided by the SAO/NASA Astrophysics Data System}
}



@ARTICLE{warren2014,
       author = {{Warren}, Harry P.},
        title = "{Measurements of Absolute Abundances in Solar Flares}",
      journal = {\apjl},
     keywords = {Sun: corona, Astrophysics - Solar and Stellar Astrophysics},
         year = 2014,
        month = may,
       volume = {786},
       number = {1},
          eid = {L2},
        pages = {L2},
          doi = {10.1088/2041-8205/786/1/L2},
archivePrefix = {arXiv},
       eprint = {1310.4765},
 primaryClass = {astro-ph.SR},
       adsurl = {https://ui.adsabs.harvard.edu/abs/2014ApJ...786L...2W},
      adsnote = {Provided by the SAO/NASA Astrophysics Data System}
}



@ARTICLE{woods2023,
       author = {{Woods}, Thomas N. and {Schwab}, Bennet and {Sewell}, Robert and {Telikicherla Kandala}, Anant Kumar and {Mason}, James Paul and {Caspi}, Amir and {Eden}, Thomas and {Chandran}, Amal and {Chamberlin}, Phillip C. and {Jones}, Andrew R. and {Kohnert}, Richard and {Moore}, Christopher S. and {Solomon}, Stanley C. and {Warren}, Harry},
        title = "{First Results for Solar Soft X-Ray Irradiance Measurements from the Third-generation Miniature X-Ray Solar Spectrometer}",
      journal = {\apj},
     keywords = {Solar corona, Solar flare spectra, Solar x-ray emission, Occultation, X-ray detectors, 1483, 1982, 1536, 1148, 1815, Astrophysics - Solar and Stellar Astrophysics, Physics - Space Physics},
         year = 2023,
        month = oct,
       volume = {956},
       number = {2},
          eid = {94},
        pages = {94},
          doi = {10.3847/1538-4357/acef13},
archivePrefix = {arXiv},
       eprint = {2307.01440},
 primaryClass = {astro-ph.SR},
       adsurl = {https://ui.adsabs.harvard.edu/abs/2023ApJ...956...94W},
      adsnote = {Provided by the SAO/NASA Astrophysics Data System}
}

@article{hunter_matplotlib:_2007,
  title = {Matplotlib: {{A 2D Graphics Environment}}},
  shorttitle = {Matplotlib},
  author = {Hunter, John D.},
  year = {2007},
  month = may,
  journal = {Computing in Science \& Engineering},
  volume = {9},
  number = {3},
  pages = {90--95},
  issn = {1521-9615},
  doi = {10.1109/MCSE.2007.55},
  urldate = {2015-07-14}
}
